<record><leader>00000cas a2200000 a 4500</leader><controlfield tag="001">9946647</controlfield><controlfield tag="008">830924d19141973txudr ne      0   a0eng c</controlfield><datafield ind1=" " ind2=" " tag="010"><subfield code="a">sn 83026380 </subfield></datafield><datafield ind1=" " ind2=" " tag="040"><subfield code="a">NPV</subfield><subfield code="b">eng</subfield><subfield code="c">NPV</subfield><subfield code="d">DLC</subfield><subfield code="d">NPT</subfield><subfield code="d">PPM</subfield><subfield code="d">DLC</subfield><subfield code="d">CNW</subfield><subfield code="d">PPM</subfield><subfield code="d">DLC</subfield><subfield code="d">OCLCQ</subfield><subfield code="d">OCLCF</subfield><subfield code="d">OCLCO</subfield></datafield><datafield ind1="1" ind2=" " tag="029"><subfield code="a">AU@</subfield><subfield code="b">000020276898</subfield></datafield><datafield ind1=" " ind2=" " tag="042"><subfield code="a">pcc</subfield></datafield><datafield ind1=" " ind2=" " tag="043"><subfield code="a">n-us-tx</subfield></datafield><datafield ind1="0" ind2="0" tag="050"><subfield code="a">Newspaper</subfield></datafield><datafield ind1="0" ind2="4" tag="245"><subfield code="a">The Austin American.</subfield></datafield><datafield ind1="3" ind2="0" tag="246"><subfield code="a">Sunday American statesman</subfield></datafield><datafield ind1="3" ind2="0" tag="246"><subfield code="a">American statesman</subfield></datafield><datafield ind1="3" ind2="0" tag="246"><subfield code="a">Austin American statesman</subfield></datafield><datafield ind1=" " ind2=" " tag="260"><subfield code="a">Austin, Tex. :</subfield><subfield code="b">H.H. Sevier,</subfield><subfield code="c">1914-1973.</subfield></datafield><datafield ind1=" " ind2=" " tag="300"><subfield code="a">60 v. :</subfield><subfield code="b">ill. ;</subfield><subfield code="c">59 cm.</subfield></datafield><datafield ind1=" " ind2=" " tag="310"><subfield code="a">Daily</subfield></datafield><datafield ind1="0" ind2=" " tag="362"><subfield code="a">Vol. 1, no. 1 (May 31, 1914)-v. 60, no. 109 (Nov. 2, 1973).</subfield></datafield><datafield ind1=" " ind2=" " tag="500"><subfield code="a">Publisher changes from H.H. Sevier to American Publishing, August 23, 1917, and from American publishing to Kendall B. Creassey, Feb. 26, 1918.</subfield></datafield><datafield ind1=" " ind2=" " tag="500"><subfield code="a">Sunday papers: Sunday American-statesman, Dec. 7, 1924-Mar. 23, 1952; American-statesman, Mar. 30, 1952-Sept. 29, 1963.</subfield></datafield><datafield ind1=" " ind2=" " tag="500"><subfield code="a">Weekend paper: Austin American-statesman, Oct. 5, 1963-Nov. 4, 1973.</subfield></datafield><datafield ind1=" " ind2=" " tag="530"><subfield code="a">Also issued on microfilm from Microfilm Center, Inc.; Micro Photo Div., Bell &amp; Howell Co.</subfield></datafield><datafield ind1=" " ind2=" " tag="580"><subfield code="a">Evening edition: Austin statesman, Dec. 1, 1924-Nov. 2, 1973.</subfield></datafield><datafield ind1=" " ind2="0" tag="651"><subfield code="a">Austin (Tex.)</subfield><subfield code="v">Newspapers.</subfield></datafield><datafield ind1=" " ind2="7" tag="655"><subfield code="a">Newspapers.</subfield><subfield code="2">fast</subfield><subfield code="0">(OCoLC)fst01423814</subfield></datafield><datafield ind1=" " ind2="7" tag="651"><subfield code="a">Texas</subfield><subfield code="z">Austin.</subfield><subfield code="2">fast</subfield><subfield code="0">(OCoLC)fst01204313</subfield></datafield><datafield ind1=" " ind2=" " tag="752"><subfield code="a">United States</subfield><subfield code="b">Texas</subfield><subfield code="c">Travis</subfield><subfield code="d">Austin.</subfield></datafield><datafield ind1="1" ind2=" " tag="775"><subfield code="t">Austin statesman (Austin, Tex. : 1921)</subfield><subfield code="w">(OCoLC)15153583</subfield></datafield><datafield ind1="0" ind2="0" tag="785"><subfield code="t">Austin American-statesman (Morning ed. : 1973)</subfield><subfield code="w">(OCoLC)4896250</subfield></datafield></record>